@article{Gao,
author = {Gao et al.},
title = {Can Stochastic Zeroth-Order Frank-Wolfe Method Converge Faster for Non-Convex Problems?},
year = 2020
}

@article{Sahu,
author = {Sahu et al.},
title = {Towards Gradient Free and Projection Free Stochastic Optimization},
year = 2019
}



